@book{s11wasml,
author 	= {Schlosser, Joachim},
year 	= {2011},
title 	= {Wissenschaftliche Arbeiten schreiben mit LATEX: Leitfaden f{\"u}r Einsteiger: Joachim Schlosser},
address = {Heidelberg and M{\"u}nchen and Landsberg and Frechen and Hamburg},
edition = {4},
publisher = {mitp},
isbn 	= {9783826691027}
}
@misc{game_makers_toolkit_how_2016,
	title = {How {Jonathan} {Blow} {Designs} a {Puzzle}},
	url = {https://www.youtube.com/watch?v=2zK8ItePe3Y},
	urldate = {2023-02-14},
	author = {{Game Maker's Toolkit}},
	month = mar,
	year = {2016},
}

@misc{gdc_implementation_2016,
	title = {The {Implementation} of {Rewind} in {Braid}},
	url = {https://www.youtube.com/watch?v=8dinUbg2h70},
	urldate = {2023-02-14},
	author = {{GDC}},
	month = dec,
	year = {2016},
}

@misc{noauthor_what_2012,
	title = {What are adventure games?},
	url = {https://adventuregamers.com/articles/view/17547},
	abstract = {A basic guide for newcomers to the genre.  {\textbar}},
	language = {en},
	urldate = {2023-02-14},
	journal = {Adventure Gamers},
	month = feb,
    author = {},
	year = {2012},
	note = {Section: Feature},
	file = {Snapshot:C\:\\Users\\nicka\\Zotero\\storage\\WTB3433H\\17547.html:text/html},
}

@misc{arts_way_2017,
	title = {A {Way} {Out} – {Eine} offizielle {EA}-{Website}},
	url = {https://www.ea.com/de-de/games/a-way-out},
	abstract = {A Way Out ist ein intensives Koop-Abenteuer, bei dem ein Gefängnisausbruch erst der Anfang ist. Verfügbar 2018 für PC, Xbox One und PS4.},
	language = {de},
	urldate = {2023-02-14},
	journal = {Electronic Arts Inc.},
	author = {Arts, Electronic},
	month = may,
	year = {2017},
	file = {Snapshot:C\:\\Users\\nicka\\Zotero\\storage\\XEMTFYXV\\a-way-out.html:text/html},
}

@misc{noauthor_bioshock_nodate,
	title = {{BioShock} {Infinite} - {2K}},
	url = {https://2k.com/en-US/game/bioshock-infinite/},
	abstract = {2K publishes titles in today's most popular gaming genres, including shooters, action, role-playing, strategy, sports, casual, and family entertainment.},
	urldate = {2023-02-14},
    author = "",
	file = {Snapshot:C\:\\Users\\nicka\\Zotero\\storage\\XPLKKGDY\\bioshock-infinite.html:text/html},
}

@misc{arts_entdecke_2022,
	title = {Entdecke {It} {Takes} {Two}, den preisgekrönten {Titel} von {Hazelight} – {Electronic} {Arts}.},
	url = {https://www.ea.com/de-de/games/it-takes-two},
	abstract = {It Takes Two – das Spiel des Jahres von The Game Awards 2021 ist erhältlich für PS4, PS5, Xbox One, Xbox Series X{\textbar}S, PC und jetzt auch für Nintendo Switch},
	language = {de},
	urldate = {2023-02-14},
	author = {Arts, Electronic},
	month = sep,
	year = {2022},
}

@misc{spence_if_2020,
	title = {If {I} could turn back time --- {Iron} {Danger} review},
	url = {https://gamingtrend.com/feature/reviews/if-i-could-turn-back-time-iron-danger-review/},
	abstract = {One thought that has likely crossed your mind at some point is “how could that have played out differently?” or at least some variation of the question. Most cases tend to be real life decisions like asking somebody out, deciding where to go after work, and so on, but this question comes to mind for […]},
	language = {en-US},
	urldate = {2023-02-14},
	journal = {GAMING TREND},
	author = {Spence, Codi},
	month = mar,
    author = "",
	year = {2020},
	note = {Section: Reviews},
	file = {Snapshot:C\:\\Users\\nicka\\Zotero\\storage\\8CRGPKHF\\if-i-could-turn-back-time-iron-danger-review.html:text/html},
}

@misc{noauthor_ikaros_nodate,
	title = {Ikaros},
	url = {https://assassinscreed.fandom.com/de/wiki/Ikaros},
	abstract = {Ikaros ist ein Adler und der Tiergefährte des Protagonisten aus Assassin’s Creed Odyssey. Er ist funktional identisch mit Senu aus Assassin’s Creed Origins und verfügt über die Fähigkeit, Feinde aus der Luft aufzudecken und zu markieren. Ikaros wurde von Phytagoras an den Protagonisten übergeben. In der Korfu-Quest hat Ikaros ein anderes Aussehen, statt des zuvor komplett bräunlichen Aussehens, dabei ist ein helles Bauchgefieder und graue Stellen im Hauptgefieder sichtbar. Ikaos Verhalten bleibt},
	language = {de},
	urldate = {2023-02-14},
    author = "",
	journal = {Assassin's Creed Wiki},
	file = {Snapshot:C\:\\Users\\nicka\\Zotero\\storage\\6UC9HM9P\\Ikaros.html:text/html},
}

@misc{noauthor_kaufen_nodate,
	title = {Kaufen {Quantum} {Break} {\textbar} {Xbox}},
	url = {https://www.xbox.com/de-DE/games/store/quantum-break/BPNDKQN84N6L},
	urldate = {2023-02-14},
    author = "",
	file = {Kaufen Quantum Break | Xbox:C\:\\Users\\nicka\\Zotero\\storage\\F5W3HV7B\\BPNDKQN84N6L.html:text/html},
}

@misc{noauthor_life_nodate,
	title = {Life is {Strange}: {True} {Colors} {\textbar} {SQUARE} {ENIX}},
	shorttitle = {Life is {Strange}},
	url = {https://lifeisstrange.square-enix-games.com/},
	abstract = {Discover the universe of Life is Strange: award-winning narrative adventure games from Square Enix, developed by Deck Nine Games and DONTNOD Entertainment.},
	language = {de},
	urldate = {2023-02-14},
    author = "",
	file = {Snapshot:C\:\\Users\\nicka\\Zotero\\storage\\NA2YS258\\de.html:text/html},
}

@misc{noauthor_online_2022,
	title = {Online},
	url = {https://darksouls.wiki.fextralife.com/Online},
	abstract = {Online play information about multiplayer for Dark Souls. All Bloodstains, Illusions, Phantoms, Messages and other features for DKS and Dark Souls Remastered.},
	language = {en},
	urldate = {2023-02-14},
	journal = {Dark Souls Wiki},
	month = jan,
    author = "",
	year = {2022},
	file = {Snapshot:C\:\\Users\\nicka\\Zotero\\storage\\NFMMAGG3\\Online.html:text/html},
}

@misc{noauthor_senu_nodate,
	title = {Senu},
	url = {https://assassinscreed.fandom.com/de/wiki/Senu},
	abstract = {Senu ist ein weiblicher Habichtsadler und ein treuer Begleiter von Bayek von Siwa, dem Hauptprotagonisten von Assassin's Creed Origins. Senu verkörpert das aus den vorherigen Spielen der Assassin´s Creed Reihe bekannte Adlerauge, mit dessen Hilfe Gegner, Gegenstände oder Ziele ausfindig gemacht werden können. Die Genauigkeit der Zielerfassung erhöht sich mit dem Abschluss der einzelnen Aussichtspunkte. Desweiteren ist Senu in der Lage, Gegner anzugreifen und sie somit kurzzeitig abzulenken. Nach},
	language = {de},
    author = "",
	urldate = {2023-02-14},
	journal = {Assassin's Creed Wiki},
	file = {Snapshot:C\:\\Users\\nicka\\Zotero\\storage\\K98PUWEK\\Senu.html:text/html},
}

@misc{noauthor_last_nodate,
	title = {The {Last} of {Us}},
	url = {https://thelastofus.fandom.com/wiki/The_Last_of_Us},
	abstract = {The Last of Us is a third-person action-adventure survival horror video game created exclusively for PlayStation 3, and was later remastered for the PlayStation 4. The game was developed by a portion of the employees at Naughty Dog, while the other half of the company went to develop Uncharted 3: Drake's Deception; established for the purpose of creating new intellectual property as well as continuing the Uncharted series simultaneously. Set in the post-apocalyptic United States, the game tells},
	language = {en},
    author = "",
	urldate = {2023-02-14},
	journal = {The Last of Us Wiki},
	file = {Snapshot:C\:\\Users\\nicka\\Zotero\\storage\\7QFEFZ6S\\The_Last_of_Us.html:text/html},
}

@misc{noauthor_uncharted_nodate,
	title = {{UNCHARTED} entdecken},
	url = {https://www.playstation.com/de-de/uncharted/},
	abstract = {Willkommen auf der offiziellen Seite der UNCHARTED-Reihe vom preisgekrönten Entwickler Naughty Dog, einem kinoreifen Action-Adventure-Erlebnis, in dem historische Mysterien gelüftet werden, während man durch vielfältige und atemberaubend gerenderte Umgebungen reist.},
	language = {de-DE},
	urldate = {2023-02-14},
    author = "",
	journal = {PlayStation},
	file = {Snapshot:C\:\\Users\\nicka\\Zotero\\storage\\2WY6VI7X\\uncharted.html:text/html},
}

@misc{noauthor_new_nodate,
	title = {New {Feature} {Spotlight}: {Replays}},
	shorttitle = {New {Feature} {Spotlight}},
	url = {https://wz2100.net/news/new-feature-replays/},
	abstract = {Starting in Warzone 2100 version 4.2.0, replays are now available for skirmish and multiplayer games.
Every skirmish or multiplayer game is recorded to a (tiny) .wzrp file, which can be played back inside WZ.
 For Skirmish replays: Go to “Single Player” {\textgreater} “View Skirmish Replay” For Multiplayer replays: Go to “Multi Player” {\textgreater} “View Replay”  The files are stored in:
 {\textless}configdir{\textgreater}/replay/skirmish {\textless}configdir{\textgreater}/replay/multiplay   Note: Only the most recent few dozen replays are kept around automatically.},
	language = {English - US},
	urldate = {2023-02-14},
    author = "",
	file = {Snapshot:C\:\\Users\\nicka\\Zotero\\storage\\8LTHP7LX\\new-feature-replays.html:text/html},
}

@misc{noauthor_call_nodate,
	title = {Call of {Duty}®: {Black} {Ops} 2},
	url = {https://www.callofduty.com/de/blackops2},
	urldate = {2023-02-14},
    author = "",
	file = {Call of Duty®\: Black Ops 2:C\:\\Users\\nicka\\Zotero\\storage\\9WJTR47E\\blackops2.html:text/html},
}

@misc{noauthor_forza_nodate,
	title = {Forza {Horizon} 4 {\textbar} {Xbox}},
	url = {https://www.xbox.com/de-DE/games/forza-horizon-4},
	abstract = {Sammle, modifiziere und fahre in Forza Horizon 4 mehr als 450 Autos.},
	language = {de},
	urldate = {2023-02-14},
	journal = {Xbox.com},
    author = "",
	file = {Snapshot:C\:\\Users\\nicka\\Zotero\\storage\\MXASIJSP\\forza-horizon-4.html:text/html},
}

@misc{noauthor_game_nodate,
	title = {Game {Networking} {Demystified}, {Part} {II}: {Deterministic}},
	url = {https://ruoyusun.com/2019/03/29/game-networking-2.html},
	urldate = {2023-02-14},
	file = {Game Networking Demystified, Part II\: Deterministic:C\:\\Users\\nicka\\Zotero\\storage\\2DTTK65R\\game-networking-2.html:text/html},
    author = "",
}

@misc{technologies_dots_nodate,
	title = {{DOTS} - {Unity}’s {Data}-{Oriented} {Technology} {Stack}},
	url = {https://unity.com/dots},
	abstract = {Unity’s Data-Oriented Technology Stack (DOTS) is a combination of technologies and packages that delivers a data-oriented design approach to building games in Unity.},
	language = {en},
	urldate = {2023-02-14},
	author = {Technologies, Unity},
	file = {Snapshot:C\:\\Users\\nicka\\Zotero\\storage\\FVTK5BE6\\dots.html:text/html},
}

@misc{noauthor_steampunk_nodate,
	title = {Steampunk [{Das} {Lexikon} der {Filmbegriffe}]},
	url = {https://filmlexikon.uni-kiel.de/doku.php/s:steampunk-8272},
	urldate = {2023-02-14},
	file = {Steampunk [Das Lexikon der Filmbegriffe]:C\:\\Users\\nicka\\Zotero\\storage\\FC2MCW6X\\ssteampunk-8272.html:text/html},
    author = "",
}

@misc{noauthor_official_nodate,
	title = {Official - {Notice} on {DOTS} compatibility with {Unity} 2021.1 - {Unity} {Forum}},
	url = {https://forum.unity.com/threads/notice-on-dots-compatibility-with-unity-2021-1.1091800/},
	urldate = {2023-02-14},
    author = "",
	file = {Official - Notice on DOTS compatibility with Unity 2021.1 - Unity Forum:C\:\\Users\\nicka\\Zotero\\storage\\CXW23WAP\\notice-on-dots-compatibility-with-unity-2021-1.1091800.html:text/html},
}

@misc{technologies_unity_nodate,
	title = {Unity - {Blender} und {Maya} mit {Unity} nutzen},
	url = {https://unity.com/de/how-to/beginner/using-blender-and-maya-unity},
	abstract = {Blender und Maya sind zwei der am weitesten verbreiteten Animationssoftwarefamilien. Es überrascht also nicht, dass beide mit der am weitesten verbreiteten Software zur Spieleentwicklung kompatibel sind.},
	language = {de},
	urldate = {2023-02-14},
	author = {Technologies, Unity},
	file = {Snapshot:C\:\\Users\\nicka\\Zotero\\storage\\QCQIULAG\\using-blender-and-maya-unity.html:text/html},
}
